% Encoding: UTF-8

@Article{hertwig2009,
  author    = {Ralph Hertwig and Ido Erev},
  title     = {The description{\textendash}experience gap in risky choice},
  journal   = {Trends in Cognitive Sciences},
  year      = {2009},
  volume    = {13},
  number    = {12},
  pages     = {517--523},
  month     = {dec},
  doi       = {10.1016/j.tics.2009.09.004},
  publisher = {Elsevier {BV}},
  url       = {http://dx.doi.org/10.1016/j.tics.2009.09.004},
}

@Article{robbins1952,
  author  = {Herbert Robbins},
  title   = {Some Aspects Of The Sequential Design Of Experiments},
  journal = {Bulletin of the American Mathematical Society},
  year    = {1952},
  volume  = {58},
  pages   = {527-535},
  month   = sep,
}

@Article{erev2014,
  author    = {Ido Erev and Alvin E. Roth},
  title     = {Maximization, Learning and Economic Behavior},
  journal   = {Proceedings of the National Academy Sciences of the USA},
  year      = {2014},
  volume    = {111},
  number    = {3},
  pages     = {10818-10825},
  doi       = {10.1037/e573552014-045},
  publisher = {American Psychological Association ({APA})},
  url       = {http://dx.doi.org/10.1037/e573552014-045},
}

@Article{hertwig2011,
  author    = {Ralph Hertwig},
  title     = {The psychology and rationality of decisions from experience},
  journal   = {Synthese},
  year      = {2011},
  volume    = {187},
  number    = {1},
  pages     = {269-292},
  month     = {oct},
  doi       = {10.1007/s11229-011-0024-4},
  publisher = {Springer Nature},
  url       = {http://dx.doi.org/10.1007/s11229-011-0024-4},
}

@Book{berry1985,
  title     = {Bandit problems: sequential allocation of experiments (Monographs on statistics and applied probability)},
  publisher = {Springer},
  year      = {1985},
  author    = {Berry, Donald A and Fristedt, Bert},
}

@Comment{jabref-meta: databaseType:bibtex;}
