% Encoding: UTF-8

@Article{hertwig2009,
  author    = {Hertwig, Ralph and Erev, Ido},
  title     = {The description--experience gap in risky choice},
  journal   = {Trends in cognitive sciences},
  year      = {2009},
  volume    = {13},
  number    = {12},
  pages     = {517--523},
  month     = dec,
  doi       = {10.1016/j.tics.2009.09.004},
  publisher = {Elsevier},
  url       = {http://dx.doi.org/10.1016/j.tics.2009.09.004},
}

@Comment{jabref-meta: databaseType:bibtex;}
